@misc{Association,
author = {Association, MIDI Manufacturer},
title = {{The Complete MIDI 1.0 Detailed Specification}},
url = {http://www.midi.org/techspecs/midispec.php}
}
