@article{arcos1998saxex,
     title={Saxex: A case-based reasoning system for generating expressive musical performances*},
       author={Arcos, Josep Llu{\'\i}s and De M{\'a}ntaras, Ramon L{\'o}pez and Serra, Xavier},
         journal={Journal of New Music Research},
           volume={27},
             number={3},
               pages={194--210},
                 year={1998},
                   publisher={Taylor \& Francis}
}
@inproceedings{arcos1997x,
     title={X. Serra, 1997.“SaxEx: a case-based reasoning system for generating expressive musical performances”},
       author={Arcos, JL and de Mantaras, RL},
         booktitle={Proceedings of 1997 International Computer Music Conference},
           pages={329--336}
}
@inproceedings{arcos2001saxex,
     title={The SaxEx system for expressive music synthesis: A progress report},
       author={Arcos, JL and De Mantaras, RL},
         booktitle={Proceedings of the Workshop on Current Research Directions in Computer Music},
           pages={17--22},
             year={2001}
}
